@misc{WORDLE,
  title = "Wordle",
  howpublished = "http://www.wordle.net/"
}
